@book{Book1,
    author    = "Swami Bharati Krishna Tirtha",
    title     = "Vedic Mathematics",
    year      = "1965",
    publisher = "Motilal Banarsidass",
}
 
@book{Book2,
    author    = "Indian sages",
    title     = "Atharvaveda",
    year      = "1200 BC - 1000 BC",
}
